@Article{TCGAbiolinks,
    title = {TCGA Workflow: Analyze cancer genomics and epigenomics data using Bioconductor packages},
    author = {{Silva} and Tiago C and {Colaprico} and {Antonio} and {Olsen} and {Catharina} and {D'Angelo} and {Fulvio} and {Bontempi} and {Gianluca} and {Ceccarelli} and {Michele} and {Noushmehr} and {Houtan}},
    journal = {F1000Research},
    volume = {5},
    year = {2016},
    publisher = {Faculty of 1000 Ltd},
  }

@article{yang2021model,
  title={Model free estimation of graphical model using gene expression data},
  author={Yang, Jenny and Liu, Yang and Liu, Yufeng and Sun, Wei},
  journal={The Annals of Applied Statistics},
  volume={15},
  number={1},
  pages={194--207},
  year={2021},
  publisher={Institute of Mathematical Statistics}
}

@article{liberzon2015molecular,
  title={The molecular signatures database hallmark gene set collection},
  author={Liberzon, Arthur and Birger, Chet and Thorvaldsd{\'o}ttir, Helga and Ghandi, Mahmoud and Mesirov, Jill P and Tamayo, Pablo},
  journal={Cell systems},
  volume={1},
  number={6},
  pages={417--425},
  year={2015},
  publisher={Elsevier}
}

@article{cerami2010pathway,
  title={Pathway Commons, a web resource for biological pathway data},
  author={Cerami, Ethan G and Gross, Benjamin E and Demir, Emek and Rodchenkov, Igor and Babur, {\"O}zg{\"u}n and Anwar, Nadia and Schultz, Nikolaus and Bader, Gary D and Sander, Chris},
  journal={Nucleic acids research},
  volume={39},
  number={suppl\_1},
  pages={D685--D690},
  year={2010},
  publisher={Oxford University Press}
}